<record><leader>00000cas a2200000 a 4500</leader><controlfield tag="001">34828925</controlfield><controlfield tag="008">960530u197uuuuutxumr n       0    0eng c</controlfield><datafield ind1=" " ind2=" " tag="010"><subfield code="a">sn 96036443 </subfield></datafield><datafield ind1=" " ind2=" " tag="040"><subfield code="a">IXA</subfield><subfield code="b">eng</subfield><subfield code="c">IXA</subfield><subfield code="d">OCLCQ</subfield><subfield code="d">OCLCF</subfield><subfield code="d">OCLCO</subfield></datafield><datafield ind1=" " ind2=" " tag="012"><subfield code="i">9605</subfield></datafield><datafield ind1="1" ind2=" " tag="029"><subfield code="a">AU@</subfield><subfield code="b">000025421534</subfield></datafield><datafield ind1=" " ind2=" " tag="042"><subfield code="a">pcc</subfield></datafield><datafield ind1=" " ind2=" " tag="043"><subfield code="a">n-us-tx</subfield></datafield><datafield ind1="1" ind2="4" tag="050"><subfield code="a">HE8697.95.H78</subfield><subfield code="b">M435</subfield></datafield><datafield ind1="0" ind2="0" tag="245"><subfield code="a">Mighty ninety news and world report.</subfield></datafield><datafield ind1="1" ind2="3" tag="246"><subfield code="a">Mighty 90 news and world report</subfield></datafield><datafield ind1="3" ind2="0" tag="246"><subfield code="a">Mighty 90 news</subfield></datafield><datafield ind1=" " ind2=" " tag="260"><subfield code="a">Houston, TX :</subfield><subfield code="b">KPFT-FM 90</subfield></datafield><datafield ind1=" " ind2=" " tag="300"><subfield code="a">v. :</subfield><subfield code="b">ill. ;</subfield><subfield code="c">41 cm.</subfield></datafield><datafield ind1=" " ind2=" " tag="310"><subfield code="a">Monthly</subfield></datafield><datafield ind1=" " ind2=" " tag="588"><subfield code="a">Description based on: Vol. 2, no. 8 (Apr. 1975); title from caption.</subfield></datafield><datafield ind1=" " ind2=" " tag="588"><subfield code="a">Latest issue consulted: Vol. 3, no. 6 (Mar. 1976).</subfield></datafield><datafield ind1="2" ind2="0" tag="610"><subfield code="a">KPFT-FM (Radio station : Houston, Tex.)</subfield><subfield code="v">Periodicals.</subfield></datafield><datafield ind1=" " ind2="0" tag="650"><subfield code="a">Radio stations</subfield><subfield code="z">Texas</subfield><subfield code="z">Houston</subfield><subfield code="v">Periodicals.</subfield></datafield><datafield ind1=" " ind2="7" tag="655"><subfield code="a">Periodicals.</subfield><subfield code="2">fast</subfield><subfield code="0">(OCoLC)fst01411641</subfield></datafield><datafield ind1="2" ind2="7" tag="610"><subfield code="a">KPFT-FM (Radio station : Houston, Tex.)</subfield><subfield code="2">fast</subfield><subfield code="0">(OCoLC)fst00717232</subfield></datafield><datafield ind1=" " ind2="7" tag="650"><subfield code="a">Radio stations.</subfield><subfield code="2">fast</subfield><subfield code="0">(OCoLC)fst01087567</subfield></datafield><datafield ind1=" " ind2="7" tag="651"><subfield code="a">Texas</subfield><subfield code="z">Houston.</subfield><subfield code="2">fast</subfield><subfield code="0">(OCoLC)fst01205077</subfield></datafield><datafield ind1="2" ind2=" " tag="710"><subfield code="a">KPFT-FM (Radio station : Houston, Tex.)</subfield></datafield><datafield ind1=" " ind2=" " tag="850"><subfield code="a">TxU</subfield></datafield></record>